@Book{Abelson1996,
  author    = {Abelson, Harold and Sussman, Gerald Jay},
  publisher = {The MIT Press},
  title     = {{Structure and Interpretation of Computer Programs}},
  year      = {1996},
  isbn      = {9780262510875},
  note      = {Versione \textit{open access}: \url{https://sarabander.github.io/sicp/}},
  pages     = {683},
}

@Book{Friedman1995,
  author    = {Friedman, Daniel P and Felleisen, Matthias},
  publisher = {{MIT Press}},
  title     = {{The Little Schemer}},
  year      = {1995},
}
